@book{Wettl04,
  author    = {Ferenc Wettl and Gyula Mayer and Péter Szabó},
  publisher = {Panem Könyvkiadó},
  title     = {\LaTeX~kézikönyv},
  year      = {2004},
}

@article{Candy86,
  author       = {James C. Candy},
  journaltitle = {{IEEE} Trans.\ on Communications},
  month        = {01},
  note         = {\doi{10.1109/TCOM.1986.1096432}},
  number       = {1},
  pages        = {72--76},
  title        = {Decimation for Sigma Delta Modulation},
  volume       = {34},
  year         = {1986},
}

@inproceedings{Lee87,
  author    = {Wai L. Lee and Charles G. Sodini},
  booktitle = {Proc.\ of the IEEE International Symposium on Circuits and Systems},
  location  = {Philadelphia, PA, USA},
  month     = {05~4--7},
  pages     = {459--462},
  title     = {A Topology for Higher Order Interpolative Coders},
  vol       = {2},
  year      = {1987},
}

@thesis{KissPhD,
  author      = {Peter Kiss},
  institution = {Technical University of Timi\c{s}oara, Romania},
  month       = {04},
  title       = {Adaptive Digital Compensation of Analog Circuit Imperfections for Cascaded Delta-Sigma Analog-to-Digital Converters},
  type        = {phdthesis},
  year        = {2000},
}

@manual{Schreier00,
  author       = {Richard Schreier},
  month        = {01},
  note         = {\url{http://www.mathworks.com/matlabcentral/fileexchange/}},
  organization = {Oregon State University},
  title        = {The Delta-Sigma Toolbox v5.2},
  year         = {2000},
}

@misc{DipPortal,
  author       = {{Budapesti Műszaki és Gazdaságtudományi Egyetem Villamosmérnöki és Informatikai Kar}},
  howpublished = {\url{http://diplomaterv.vik.bme.hu/}},
  title        = {Diplomaterv portál (2011. február 26.)},
}

@incollection{Mkrtychev:1997,
  author    = {Mkrtychev, Alexey},
  booktitle = {Logical Foundations of Computer Science},
  doi       = {10.1007/3-540-63045-7_27},
  editor    = {Adian, Sergei and Nerode, Anil},
  isbn      = {978-3-540-63045-6},
  pages     = {266-275},
  publisher = {Springer Berlin Heidelberg},
  series    = {Lecture Notes in Computer Science},
  title     = {Models for the logic of proofs},
  url       = {http://dx.doi.org/10.1007/3-540-63045-7_27},
  volume    = {1234},
  year      = {1997},
}

@report{Jeney,
  author      = {Jeney, Gábor},
  institution = {Budapesti Műszaki és Gazdaságtudományi Egyetem, Híradástechnikai Tanszék},
  location    = {Budapest},
  note        = {\url{http://www.mcl.hu/~jeneyg/kinezet.pdf}},
  title       = {Hogyan néz ki egy igényes dokumentum? {N}éhány szóban az alapvető tipográfiai szabályokról},
  type        = {techreport},
  year        = {2014},
}

@article{RealTimeDynamicObjectDetection,
  author       = {Baifan Chen and Zixing Cai and Zheng Xiao and Jinxia Yu and Limei Liu},
  journaltitle = {{IEEE} 2008 The 9th International Conference for Young Computer Scientists},
  month        = {11},
  note         = {\doi{10.1109/ICYCS.2008.357}},
  number       = {1},
  pages        = {1--5},
  title        = {Real-time Detection of Dynamic Obstacle Using Laser Radar},
  year         = {2008},
}

@article{DynamicMotionPlanningSurvey,
  author       = {M. G. Mohanan and Ambuja Salgoankar},
  month        = {10},
  note         = {\doi{10.1016/j.robot.2017.10.011}},
  number       = {1},
  pages        = {1--15},
  title        = {A survey of robotic motion planning in dynamic environments},
  year         = {2017},
}

@article{VelocityForbiddenMap,
  author       = {Bruno Damas and José Santos-Victor},
  journaltitle = {{IEEE} 2009 IEEE/RSJ International Conference on Intelligent Robots and Systems},
  month        = {10},
  note         = {\doi{10.1109/IROS.2009.5354210}},
  number       = {1},
  pages        = {1--6},
  title        = {Avoiding Moving Obstacles: the Forbidden Velocity Map},
  year         = {2009},
}

@article{VelocityObstacles,
  author       = {Paolo Fiorini and Zvi Shiller},
  month        = {7},
  note         = {\doi{10.1177/027836499801700706}},
  number       = {1},
  pages        = {1--13},
  title        = {Motion Planning in Dynamic Environments Using Velocity Obstacles},
  year         = {1998},
}

@article{CollisionCone,
  author       = {Animesh Chakravarthy and Debasish Ghose},
  journaltitle = {{IEEE} IEEE Transactions on Systems, Man, and Cybernetics - Part A: Systems and Humans},
  month        = {9},
  note         = {\doi{10.1109/3468.709600}},
  number       = {1},
  pages        = {1--13},
  title        = {Obstacle Avoidance in a Dynamic Environment: A Collision Cone Approach},
  year         = {1998},
}

@article{ReactivePathPlanning,
	author       = {Fethi Belkhouche},
	journaltitle = {{IEEE} IEEE Transactions on Robotics },
	month        = {6},
	note         = {\doi{10.1109/TRO.2009.2022441}},
	number       = {1},
	pages        = {1--10},
	title        = {Reactive Path Planning in a Dynamic Environment},
	year         = {2009},
}

@online{wiki_imu,
    title = {Wikipedia: Intertial measurement unit},
    url = {https://en.wikipedia.org/wiki/Inertial_measurement_unit},
}

@online{ros,
    title = {Robot Operating System (ROS) mainpage},
    url = {https://www.ros.org},
}

@online{wiki_ros,
    title = {Wikipedia: Robot Operating System (ROS)},
    url = {https://en.wikipedia.org/wiki/Robot_Operating_System},
}

@online{ros_rqt_graph,
    title = {rqt\_graph ROS package summary},
    url = {https://wiki.ros.org/rqt_graph},
}

@online{ros_rostopic,
    title = {rostopic ROS package summary},
    url = {https://wiki.ros.org/rostopic},
}

@online{ros_tf,
    title = {tf ROS package summary},
    url = {https://wiki.ros.org/tf},
}

@online{ros_rqt,
    title = {rqt ROS package summary},
    url = {https://wiki.ros.org/rqt},
}

@online{ros_rosbag,
    title = {rosbag ROS package summary},
    url = {https://wiki.ros.org/rosbag},
}

@online{ros_rviz,
    title = {rviz ROS package summary},
    url = {https://wiki.ros.org/rviz},
}

@online{ros_rviz_Odometry,
    title = {rviz Odometry display type summary},
    url = {https://wiki.ros.org/rviz/DisplayTypes/Odometry},
}

@online{ros_msg_Odometry,
    title = {nav\_msgs/Odometry ROS message type summary},
    url = {https://docs.ros.org/api/nav_msgs/html/msg/Odometry.html},
}

@online{gazebo,
    title = {Gazebo simulator mainpage},
    url = {http://gazebosim.org},
}

@online{sdf,
    title = {SDF object descriptor format},
    url = {http://sdformat.org},
}

@online{ros_urdf,
    title = {Unified Robot Description Format (URDF)},
    url = {https://wiki.ros.org/urdf},
}

@online{ros_urdf_tutorials,
    title = {Unified Robot Description Format (URDF) ROS tutorials},
    url = {https://wiki.ros.org/urdf/Tutorials},
}

@online{ros_gmapping,
    title = {gmapping ROS package summary},
    url = {https://wiki.ros.org/gmapping},
}

@online{wiki_slam,
    title = {Wikipedia: Simultaneous localization and mapping (SLAM)},
    url = {https://en.wikipedia.org/wiki/Simultaneous_localization_and_mapping},
}

@online{rplidar_a1,
    title = {RPLidar A1},
    url = {https://www.slamtec.com/en/lidar/a1},
}

@online{rplidar_a2,
    title = {RPLidar A2},
    url = {https://www.slamtec.com/en/lidar/a2},
}

@online{ros_msg_LaserScan,
    title = {sensor\_msgs/LaserScan ROS message type summary},
    url = {https://docs.ros.org/melodic/api/sensor_msgs/html/msg/LaserScan.html},
}

@online{wiki_erosion,
    title = {Wikipedia: Erosion (morphology)},
    url = {https://en.wikipedia.org/wiki/Erosion_(morphology)},
}

@online{ros_msg_MarkerArray,
    title = {visualization\_msgs/MarkerArray ROS message type summary},
    url = {https://docs.ros.org/melodic/api/visualization_msgs/html/msg/MarkerArray.html},
}

@online{ros_msg_Marker,
    title = {visualization\_msgs/Marker ROS message type summary},
    url = {https://docs.ros.org/melodic/api/visualization_msgs/html/msg/Marker.html},
}

@online{ros_msg_OccupancyGrid,
    title = {nav\_msgs/OccupancyGrid ROS message type summary},
    url = {https://docs.ros.org/melodic/api/nav_msgs/html/msg/OccupancyGrid.html},
}

@online{ros_msg_MapMetaData,
    title = {nav\_msgs/MapMetaData ROS message type summary},
    url = {https://docs.ros.org/melodic/api/nav_msgs/html/msg/MapMetaData.html},
}

@online{ros_msg_AckermannDrive,
    title = {ackermann\_msgs/AckermannDrive ROS message type summary},
    url = {https://docs.ros.org/jade/api/ackermann_msgs/html/msg/AckermannDrive.html},
}

@online{gtest,
    title = {GoogleTest (GTest) mainpage},
    url = {https://github.com/google/googletest},
}

@online{ros_gtest,
    title = {Integrate GTest into ROS},
    url = {https://wiki.ros.org/gtest},
}
